@misc{OC_tkinter,
  key = {OpenClassroomsTK},
  title = {OpenClassroomsTK},
  note = {\url{https://openclassrooms.com/courses/apprenez-a-programmer-en-python/des-interfaces-graphiques-avec-tkinter}}
}

@misc{doc_python,
  key = {Docpyth},
  title = {Docpyth},
  note = {\url{https://docs.python.org/2/library/tkinter.html}}
}

@misc{OC_cercle,
  key = {OpenClassrooms},
  title = {OpenClassrooms},
  note = {\url{https://openclassrooms.com/courses/theorie-des-collisions/formes-simples}}
}

*@misc{DP_JAVA,
  key = {PayetDenis},
  title = {PayetDenis},
  note = {\url{http://denis.payet.top/}}
}